<record><leader>         a22        4500</leader><controlfield tag="001">stb150616235453</controlfield><controlfield tag="003">GITenberg</controlfield><controlfield tag="005">20150616235453.0</controlfield><controlfield tag="006">m     o  d        </controlfield><controlfield tag="007">cr</controlfield><controlfield tag="008">150616s2007||||xx |||||o|||||||||||eng||</controlfield><datafield ind1=" " ind2=" " tag="020"><subfield code="a">9780441602254 (related)</subfield></datafield><datafield ind1=" " ind2=" " tag="035"><subfield code="a">(OCoLC)746971356</subfield></datafield><datafield ind1="0" ind2="iso639-1" tag="041"><subfield code="a">en</subfield></datafield><datafield ind1="0" ind2="0" tag="050"><subfield code="a">PS</subfield></datafield><datafield ind1="1" ind2=" " tag="100"><subfield code="a">Piper, H. Beam</subfield><subfield code="4">aut</subfield></datafield><datafield ind1="1" ind2="0" tag="245"><subfield code="a">Space Viking</subfield><subfield code="a">[electronic resource]</subfield></datafield><datafield ind1=" " ind2=" " tag="536"><subfield code="a" /></datafield><datafield ind1=" " ind2=" " tag="540"><subfield code="a">Public Domain, US</subfield><subfield code="u">http://creativecommons.org/about/pdm</subfield></datafield><datafield ind1="0" ind2="0" tag="650"><subfield code="a">Science fiction</subfield></datafield><datafield ind1="0" ind2="0" tag="650"><subfield code="a">Space warfare -- Fiction</subfield></datafield><datafield ind1="0" ind2="0" tag="650"><subfield code="a">Revenge -- Fiction</subfield></datafield><datafield ind1="0" ind2="0" tag="653"><subfield code="a">Space Opera</subfield></datafield><datafield ind1="1" ind2=" " tag="700"><subfield code="a">Schoenherr, John</subfield><subfield code="e">illustrator.</subfield><subfield code="4">ill</subfield></datafield></record>